@online{radiologistShortage,
  title = {Clinical radiology - UK workforce census 2016},
  year = 2016,
  url = {https://www.rcr.ac.uk/system/files/publication/field\_publication\_files/cr\_workforce\_census\_2016\_report\_0.pdf},
  urldate = {2018-05-14}
}
@online{learningRateImage,
  title = {Deep learning- what? how? why? How to win a Kaggle competition},
  year = 2016,
  url = {https://www.slideshare.net/317070/deep-learning-what-how-why-how-to-win-a-kaggle-competition},
  urldate = {2018-05-14}
}

@article{neuronVisualisation,
    author =       {Wojciech Samek and Alexander Binder and Grégoire Montavon and Sebastian Lapuschkin and Klaus-Robert Müller},
    title =        {Evaluating the Visualization of What a Deep Neural Network Has Learned},
    journal =      {IEEE Transactions on Neural Networks and Learning Systems},
    volume =       {28},
    pages =        {2660-2673},
    year =         {2016},
}

@article{cnnFirst,
    author =       {Yann LeCun and Patrick Haffner and Lean Bottou and Yoshua Bengio},
    title =        {Object Recognition with Gradient-Based Leraning},
    journal =      {Shape, Contour and Grouping in Computer Vision},
    pages =        {319-345},
    year =         {1999},
}


@online{dicom,
  title = {DICOM - home},
  year = 2018,
  url = {https://www.dicomstandard.org/},
  urldate = {2018-07-12}
}